<?xml version="1.0" encoding="UTF-8"?><collection xmlns="http://www.loc.gov/MARC21/slim"><record><leader>00381nam--2200133-i-4500</leader><controlfield tag="001">000035658</controlfield><controlfield tag="002">20161230</controlfield><controlfield tag="005">20161230201040</controlfield><controlfield tag="008">060222s1000------------r-----000-0-eng-d</controlfield><datafield ind1=" " ind2=" " tag="100"><subfield code="a">Murphy, Gordon J</subfield></datafield><datafield ind1=" " ind2=" " tag="245"><subfield code="a">Ccontrol engineering</subfield></datafield><datafield ind1=" " ind2=" " tag="260"><subfield code="a">Toronto, D.Van Nostrand Co.Inc., 1959, Xii + 385p</subfield></datafield><datafield ind1=" " ind2=" " tag="490"><subfield code="a">The Van Nostrand Series In Electronics And Communications</subfield></datafield><datafield ind1=" " ind2=" " tag="852"><subfield code="a">15137</subfield></datafield></record></collection>